@article{Zheng2012ARecognition,
    title = {{A cascade fusion scheme for gait and cumulative foot pressure image recognition}},
    year = {2012},
    journal = {Pattern Recognition},
    author = {Zheng, Shuai and Huang, Kaiqi and Tan, Tieniu and Tao, Dacheng},
    number = {10},
    month = {10},
    pages = {3603--3610},
    volume = {45},
    doi = {10.1016/j.patcog.2012.03.008},
    issn = {00313203},
    keywords = {Foot pressure image, Gait, Human recognition}
}

@inproceedings{Takeda2011AWalking,
    title = {{A challenge to biometrics by sole pressure while walking}},
    year = {2011},
    booktitle = {IEEE International Conference on Fuzzy Systems},
    author = {Takeda, Takahiro and Kuramoto, Kei and Kobashi, Syoji and Hata, Yutaka},
    pages = {1430--1435},
    isbn = {9781424473175},
    doi = {10.1109/FUZZY.2011.6007541},
    issn = {10987584},
    keywords = {biometrics, load distribution sensor, personal verificaiton, sole pressure, walking}
}

@techreport{MiddletonARecognition,
    title = {{A floor sensor system for gait recognition}},
    author = {Middleton, Lee and Buss, Alex A and Bazin, Alex and Nixon, Mark S},
    url = {www.tekscan.com}
}

@article{Santos2017ALearning,
    title = {{A literature survey of early time series classification and deep learning}},
    year = {2017},
    journal = {CEUR Workshop Proceedings},
    author = {Santos, Tiago and Kern, Roman},
    volume = {1793},
    issn = {16130073},
    keywords = {Deep learning, Early time series classification, Time series classification}
}

@article{Mikolajczyk2005ADescriptors,
    title = {{A performance evaluation of local descriptors}},
    year = {2005},
    journal = {IEEE Transactions on Pattern Analysis and Machine Intelligence},
    author = {Mikolajczyk, Krystian and Schmid, Cordelia},
    number = {10},
    month = {10},
    pages = {1615--1630},
    volume = {27},
    doi = {10.1109/TPAMI.2005.188},
    issn = {01628828},
    pmid = {16237996},
    keywords = {Interest points, Interest regions, Invariance, Local descriptors, Matching, Recognition}
}

@article{Singh2019APerspectives,
    title = {{A Survey of Behavioral Biometric Gait Recognition: Current Success and Future Perspectives}},
    year = {2019},
    journal = {Archives of Computational Methods in Engineering},
    author = {Singh, Jasvinder Pal and Jain, Sanjeev and Arora, Sakshi and Singh, Uday Pratap},
    publisher = {Springer},
    doi = {10.1007/s11831-019-09375-3},
    issn = {18861784}
}

@article{Aminikhanghahi2017ADetection,
    title = {{A survey of methods for time series change point detection}},
    year = {2017},
    journal = {Knowledge and Information Systems},
    author = {Aminikhanghahi, Samaneh and Cook, Diane J.},
    number = {2},
    pages = {339--367},
    volume = {51},
    publisher = {Springer London},
    doi = {10.1007/s10115-016-0987-z},
    issn = {02193116},
    keywords = {Change point detection, Data mining, Machine learning, Segmentation, Time series data}
}

@inproceedings{Mair2010AdaptiveTest,
    title = {{Adaptive and generic corner detection based on the accelerated segment test}},
    year = {2010},
    booktitle = {Lecture Notes in Computer Science (including subseries Lecture Notes in Artificial Intelligence and Lecture Notes in Bioinformatics)},
    author = {Mair, Elmar and Hager, Gregory D. and Burschka, Darius and Suppa, Michael and Hirzinger, Gerhard},
    number = {PART 2},
    pages = {183--196},
    volume = {6312 LNCS},
    publisher = {Springer Verlag},
    url = {https://link.springer.com/chapter/10.1007/978-3-642-15552-9_14},
    isbn = {3642155510},
    doi = {10.1007/978-3-642-15552-9{\_}14},
    issn = {16113349},
    keywords = {AGAST, AST, adaptive, corner detector, effcient, generic}
}

@article{Pataky2011AnEvaluation,
    title = {{An anatomically unbiased foot template for inter-subject plantar pressure evaluation}},
    year = {2011},
    journal = {Gait and Posture},
    author = {Pataky, Todd C. and Bosch, Kerstin and Mu, Tingting and Keijsers, NoÃ«l L.W. and Segers, Veerle and Rosenbaum, Dieter and Goulermas, John Y.},
    number = {3},
    month = {3},
    pages = {418--422},
    volume = {33},
    doi = {10.1016/j.gaitpost.2010.12.015},
    issn = {09666362},
    pmid = {21227692},
    keywords = {Foot morphology, Image registration, Pedobarography, Spatial statistics, Statistical parametric mapping}
}

@article{Jain2004AnRecognition,
    title = {{An Introduction to Biometric Recognition}},
    year = {2004},
    journal = {IEEE Transactions on Circuits and Systems for Video Technology},
    author = {Jain, Anil K. and Ross, Arun and Prabhakar, Salil},
    number = {1},
    month = {1},
    pages = {4--20},
    volume = {14},
    doi = {10.1109/TCSVT.2003.818349},
    issn = {10518215},
    keywords = {Biometrics, Identification, Multimodal biometrics, Recognition, Verification}
}

@article{Costilla-Reyes2019AnalysisNetworks,
    title = {{Analysis of Spatio-Temporal Representations for Robust Footstep Recognition with Deep Residual Neural Networks}},
    year = {2019},
    journal = {IEEE Transactions on Pattern Analysis and Machine Intelligence},
    author = {Costilla-Reyes, Omar and Vera-Rodriguez, Ruben and Scully, Patricia and Ozanyan, Krikor B.},
    number = {2},
    pages = {285--296},
    volume = {41},
    publisher = {IEEE},
    doi = {10.1109/TPAMI.2018.2799847},
    issn = {19393539},
    pmid = {29994418},
    keywords = {Biometric system, deep learning, floor sensor system, footstep recognition, verification system}
}

@article{Wang2021AutomaticNetwork,
    title = {{Automatic ECG classification using continuous wavelet transform and convolutional neural network}},
    year = {2021},
    journal = {Entropy},
    author = {Wang, Tao and Lu, Changhua and Sun, Yining and Yang, Mei and Liu, Chun and Ou, Chunsheng},
    number = {1},
    pages = {1--13},
    volume = {23},
    isbn = {1377689441},
    doi = {10.3390/e23010119},
    issn = {10994300},
    keywords = {Arrhythmia, Continuous wavelet transform, Convolutional neural network, Deep learning, Ecg classification, Heartbeat classification}
}

@article{Connor2018BiometricFeatures,
    title = {{Biometric recognition by gait: A survey of modalities and features}},
    year = {2018},
    journal = {Computer Vision and Image Understanding},
    author = {Connor, Patrick and Ross, Arun},
    month = {2},
    pages = {1--27},
    volume = {167},
    publisher = {Academic Press Inc.},
    doi = {10.1016/j.cviu.2018.01.007},
    issn = {1090235X},
    keywords = {Covariates, Features, Gait biometrics, Gait recognition, Ground reaction force, Silhouette}
}

@inproceedings{Calonder2010BRIEF:Features,
    title = {{BRIEF: Binary robust independent elementary features}},
    year = {2010},
    booktitle = {Lecture Notes in Computer Science (including subseries Lecture Notes in Artificial Intelligence and Lecture Notes in Bioinformatics)},
    author = {Calonder, Michael and Lepetit, Vincent and Strecha, Christoph and Fua, Pascal},
    number = {PART 4},
    pages = {778--792},
    volume = {6314 LNCS},
    publisher = {Springer Verlag},
    url = {https://link.springer.com/chapter/10.1007/978-3-642-15561-1_56},
    isbn = {364215560X},
    doi = {10.1007/978-3-642-15561-1{\_}56},
    issn = {16113349}
}

@inproceedings{Leutenegger2011BRISK:Keypoints,
    title = {{BRISK: Binary Robust invariant scalable keypoints}},
    year = {2011},
    booktitle = {Proceedings of the IEEE International Conference on Computer Vision},
    author = {Leutenegger, Stefan and Chli, Margarita and Siegwart, Roland Y.},
    pages = {2548--2555},
    isbn = {9781457711015},
    doi = {10.1109/ICCV.2011.6126542}
}

@article{Zhang2017ClassificationDecomposition,
    title = {{Classification of EEG Signals Based on Autoregressive Model and Wavelet Packet Decomposition}},
    year = {2017},
    journal = {Neural Processing Letters},
    author = {Zhang, Yong and Liu, Bo and Ji, Xiaomin and Huang, Dan},
    number = {2},
    month = {4},
    pages = {365--378},
    volume = {45},
    publisher = {Springer New York LLC},
    url = {https://link-springer-com.proxy.hil.unb.ca/article/10.1007/s11063-016-9530-1},
    doi = {10.1007/s11063-016-9530-1},
    issn = {1573773X},
    keywords = {Approximate entropy, Autoregressive model, Brain computer interface, EEG signal, Support vector machine, Wavelet packet decomposition}
}

@techreport{Hatami2017ClassificationNetworks,
    title = {{Classification of Time-Series Images Using Deep Convolutional Neural Networks}},
    year = {2017},
    author = {Hatami, Nima and Gavet, Yann and Debayle, Johan},
    arxivId = {1710.00886v2},
    keywords = {Convolutional Neural Networks (CNN), Deep Learning, Recur-rence Plots (RP), Time-Series Classification (TSC)}
}

@incollection{Sadouk2019CNNClassification,
    title = {{CNN Approaches for Time Series Classification}},
    year = {2019},
    booktitle = {Time Series Analysis - Data, Methods, and Applications},
    author = {Sadouk, Lamyaa},
    month = {11},
    publisher = {IntechOpen},
    url = {www.intechopen.com},
    doi = {10.5772/intechopen.81170},
    keywords = {classification, convolutional neural networks, time series, transfer learning}
}

@inproceedings{Connor2015ComparingBiometrics,
    title = {{Comparing and combining underfoot pressure features for shod and unshod gait biometrics}},
    year = {2015},
    booktitle = {2015 IEEE International Symposium on Technologies for Homeland Security, HST 2015},
    author = {Connor, Patrick C.},
    month = {8},
    publisher = {Institute of Electrical and Electronics Engineers Inc.},
    isbn = {9781479917372},
    doi = {10.1109/THS.2015.7225338}
}

@misc{ConvertingMining,
    title = {{Converting images into time series for data mining}},
    url = {https://izbicki.me/blog/converting-images-into-time-series-for-data-mining.html}
}

@article{Wang2019DeepSurvey,
    title = {{Deep learning for spatio-temporal data mining: a survey}},
    year = {2019},
    journal = {arXiv},
    author = {Wang, Senzhang and Cao, Jiannong and Yu, Philip S.},
    number = {8},
    volume = {14},
    doi = {10.1109/tkde.2020.3025580},
    issn = {23318422},
    arxivId = {1906.04928},
    keywords = {Data mining, Deep learning, Spatio-temporal data}
}

@article{IsmailFawaz2019DeepReview,
    title = {{Deep learning for time series classification: a review}},
    year = {2019},
    journal = {Data Mining and Knowledge Discovery},
    author = {Ismail Fawaz, Hassan and Forestier, Germain and Weber, Jonathan and Idoumghar, Lhassane and Muller, Pierre Alain},
    number = {4},
    pages = {917--963},
    volume = {33},
    publisher = {Springer US},
    url = {https://doi.org/10.1007/s10618-019-00619-1},
    doi = {10.1007/s10618-019-00619-1},
    issn = {1573756X},
    arxivId = {1809.04356},
    keywords = {Classification, Deep learning, Review, Time series}
}

@article{Gamboa2017DeepAnalysis,
    title = {{Deep Learning for Time-Series Analysis}},
    year = {2017},
    journal = {arXiv},
    author = {Gamboa, John},
    issn = {23318422},
    arxivId = {1701.01887},
    keywords = {Artificial Neural Networks, Deep Learning, Time-Series}
}

@article{Costilla-Reyes2020DeepHealthcare,
    title = {{Deep learning in gait analysis for security and healthcare}},
    year = {2020},
    journal = {Studies in Computational Intelligence},
    author = {Costilla-Reyes, Omar and Vera-Rodriguez, Ruben and Alharthi, Abdullah S. and Yunas, Syed U. and Ozanyan, Krikor B.},
    pages = {299--334},
    volume = {865},
    doi = {10.1007/978-3-030-31760-7{\_}10},
    issn = {18609503},
    keywords = {Biometrics, Deep learning, Dual-task, Gait analysis, Machine learning}
}

@incollection{Costilla-Reyes2020DeepHealthcareb,
    title = {{Deep learning in gait analysis for security and healthcare}},
    year = {2020},
    booktitle = {Studies in Computational Intelligence},
    author = {Costilla-Reyes, Omar and Vera-Rodriguez, Ruben and Alharthi, Abdullah S. and Yunas, Syed U. and Ozanyan, Krikor B.},
    pages = {299--334},
    volume = {865},
    publisher = {Springer Verlag},
    url = {https://link.springer.com/chapter/10.1007/978-3-030-31760-7_10},
    doi = {10.1007/978-3-030-31760-7{\_}10},
    issn = {18609503},
    keywords = {Biometrics, Deep learning, Dual-task, Gait analysis, Machine learning}
}

@article{Costilla-Reyes2018DeepSensors,
    title = {{Deep Neural Networks for Learning Spatio-Temporal Features From Tomography Sensors}},
    year = {2018},
    journal = {IEEE Transactions on Industrial Electronics},
    author = {Costilla-Reyes, Omar and Scully, Patricia and Ozanyan, Krikor B.},
    number = {1},
    pages = {645--653},
    volume = {65},
    publisher = {IEEE},
    doi = {10.1109/TIE.2017.2716907},
    issn = {02780046},
    keywords = {Convolutional neural networks (CNNs), deep learning, floor sensor system, machine learning, spatio-temporal analysis, tomography}
}

@techreport{He2016DeepRecognition,
    title = {{Deep Residual Learning for Image Recognition}},
    year = {2016},
    author = {He, Kaiming and Zhang, Xiangyu and Ren, Shaoqing and Sun, Jian},
    pages = {770--778},
    url = {http://image-net.org/challenges/LSVRC/2015/}
}

@article{Verbesselt2009DetectingSeries,
    title = {{Detecting trend and seasonal changes in satellite image time series}},
    year = {2009},
    journal = {Remote Sensing of Environment},
    author = {Verbesselt, Jan and Hyndman, Rob and Newnham, Glenn and Culvenor, Darius},
    pages = {106--115},
    volume = {114},
    doi = {10.1016/j.rse.2009.08.014},
    keywords = {Change detection, MODIS, NDVI, Phenology, Piecewise linear regression, Time series, Trend analysis, Vegetation dynamics}
}

@article{Lowe2004DistinctiveKeypoints,
    title = {{Distinctive image features from scale-invariant keypoints}},
    year = {2004},
    journal = {International Journal of Computer Vision},
    author = {Lowe, David G.},
    number = {2},
    month = {11},
    pages = {91--110},
    volume = {60},
    publisher = {Springer},
    url = {https://link.springer.com/article/10.1023/B:VISI.0000029664.99615.94},
    doi = {10.1023/B:VISI.0000029664.99615.94},
    issn = {09205691},
    keywords = {Image matching, Invariant features, Object recognition, Scale invariance}
}

@article{Huang2019ECGNetwork,
    title = {{ECG Arrhythmia Classification Using STFT-Based Spectrogram and Convolutional Neural Network}},
    year = {2019},
    journal = {IEEE Access},
    author = {Huang, Jingshan and Chen, Binqiang and Yao, Bin and He, Wangpeng},
    pages = {92871--92880},
    volume = {7},
    publisher = {IEEE},
    doi = {10.1109/ACCESS.2019.2928017},
    issn = {21693536},
    keywords = {Electrocardiogram (ECG), arrhythmia classification, convolutional neural network, model parameter optimization, short-Time Fourier transform (STFT)}
}

@misc{EE6563_commented.pdf,
    title = {{EE6563{\_}commented.pdf}}
}

@inproceedings{Zheng2011EvaluationImage,
    title = {{Evaluation framework on translation-invariant representation for cumulative foot pressure image}},
    year = {2011},
    booktitle = {Proceedings - International Conference on Image Processing, ICIP},
    author = {Zheng, Shuai and Huang, Kaiqi and Tan, Tieniu},
    pages = {201--204},
    isbn = {9781457713033},
    doi = {10.1109/ICIP.2011.6115874},
    issn = {15224880},
    keywords = {Foot Pressure, Gait Recognition, Ground Reaction Force, Translation Invariant Representation}
}

@inproceedings{Bouchrika2008ExploratoryRecognition,
    title = {{Exploratory factor analysis of gait recognition}},
    year = {2008},
    booktitle = {2008 8th IEEE International Conference on Automatic Face and Gesture Recognition, FG 2008},
    author = {Bouchrika, Imed and Nixon, Mark S.},
    isbn = {9781424421541},
    doi = {10.1109/AFGR.2008.4813395}
}

@article{Rosten2010FasterDetection,
    title = {{Faster and better: A machine learning approach to corner detection}},
    year = {2010},
    journal = {IEEE Transactions on Pattern Analysis and Machine Intelligence},
    author = {Rosten, Edward and Porter, Reid and Drummond, Tom},
    number = {1},
    pages = {105--119},
    volume = {32},
    doi = {10.1109/TPAMI.2008.275},
    issn = {01628828},
    arxivId = {0810.2434},
    keywords = {Corner detection, Feature detection}
}

@article{Phinyomark2018FeatureSensors,
    title = {{Feature Extraction and Selection for Myoelectric Control Based on Wearable EMG Sensors}},
    year = {2018},
    author = {Phinyomark, Angkoon and Khushaba, Rami N and Scheme, Erik},
    url = {www.mdpi.com/journal/sensors},
    doi = {10.3390/s18051615},
    keywords = {EMG, L-moments, electromyography, feature extraction, pattern recognition, prosthesis, sampling rate, wearable sensor}
}

@article{Phinyomark2018FeatureSensorsb,
    title = {{Feature Extraction and Selection for Myoelectric Control Based on Wearable EMG Sensors}},
    year = {2018},
    author = {Phinyomark, Angkoon and Khushaba, Rami N and Scheme, Erik},
    url = {www.mdpi.com/journal/sensors},
    doi = {10.3390/s18051615},
    keywords = {EMG, L-moments, electromyography, feature extraction, pattern recognition, prosthesis, sampling rate, wearable sensor}
}

@article{Kord2012FeatureSeries,
    title = {{Feature extraction from time series}},
    year = {2012},
    author = {Kord, Pavel},
    number = {February}
}

@techreport{Nakajima2000Footprint-BasedRecognition,
    title = {{Footprint-Based Personal Recognition}},
    year = {2000},
    booktitle = {IEEE TRANSACTIONS ON BIOMEDICAL ENGINEERING},
    author = {Nakajima, Kazuki and Mizukami, Yoshiki and Tanaka, Kanya and Tamura, Toshiyo},
    number = {11},
    volume = {47},
    keywords = {Index Terms-Biometrics, footprint, normalization, personal recognition, pressure distribution}
}

@article{Rodriguez2008FootstepEnvironment,
    title = {{Footstep recognition for a smart home environment}},
    year = {2008},
    journal = {International Journal of Smart Home},
    author = {Rodr{\'{i}}guez, RubÃ©n Vera and Lewis, Richard P. and Mason, John S.D. and Evans, Nicholas W.D.},
    number = {2},
    pages = {95--110},
    volume = {2},
    issn = {19754094}
}

@inproceedings{Alahi2012FREAK:Keypoint,
    title = {{FREAK: Fast retina keypoint}},
    year = {2012},
    booktitle = {Proceedings of the IEEE Computer Society Conference on Computer Vision and Pattern Recognition},
    author = {Alahi, Alexandre and Ortiz, Raphael and Vandergheynst, Pierre},
    pages = {510--517},
    isbn = {9781467312264},
    doi = {10.1109/CVPR.2012.6247715},
    issn = {10636919}
}

@article{Saho2017GaitStudy,
    title = {{Gait Classification of Young Adults, Elderly Non-Fallers, and Elderly Fallers Using Micro-Doppler Radar Signals: Simulation Study}},
    year = {2017},
    journal = {IEEE Sensors Journal},
    author = {Saho, Kenshi and Fujimoto, Masahiro and Masugi, Masao and Chou, Li-Shan},
    number = {8},
    month = {3},
    pages = {2320--2321},
    volume = {17},
    publisher = {Institute of Electrical and Electronics Engineers (IEEE)},
    doi = {10.1109/jsen.2017.2678484},
    issn = {1530-437X}
}

@article{Saho2017GaitStudyb,
    title = {{Gait Classification of Young Adults, Elderly Non-Fallers, and Elderly Fallers Using Micro-Doppler Radar Signals: Simulation Study}},
    year = {2017},
    journal = {IEEE Sensors Journal},
    author = {Saho, Kenshi and Fujimoto, Masahiro and Masugi, Masao and Chou, Li-Shan},
    number = {8},
    month = {3},
    pages = {2320--2321},
    volume = {17},
    publisher = {Institute of Electrical and Electronics Engineers (IEEE)},
    doi = {10.1109/jsen.2017.2678484},
    issn = {1530-437X}
}

@article{Chen2006GaitModel,
    title = {{Gait recognition using Hidden Markov model}},
    year = {2006},
    journal = {Lecture Notes in Computer Science (including subseries Lecture Notes in Artificial Intelligence and Lecture Notes in Bioinformatics)},
    author = {Chen, Changhong and Liang, Jimin and Zhao, Heng and Hu, Haihong},
    number = {60402038},
    pages = {399--407},
    volume = {4221 LNCS },
    isbn = {3540459014},
    doi = {10.1007/11881070{\_}56},
    issn = {16113349}
}

@article{Pataky2012GaitIndividuals,
    title = {{Gait recognition: Highly unique dynamic plantar pressure patterns among 104 individuals}},
    year = {2012},
    journal = {Journal of the Royal Society Interface},
    author = {Pataky, Todd C. and Mu, Tingting and Bosch, Kerstin and Rosenbaum, Dieter and Goulermas, John Y.},
    number = {69},
    month = {4},
    pages = {790--800},
    volume = {9},
    publisher = {Royal Society},
    doi = {10.1098/rsif.2011.0430},
    issn = {17425662},
    keywords = {Biometric identification, Dimensionality reduction, Foot loading, Image registration, Locomotion biomechanics, Pedobarography}
}

@article{VanHamme2018GaitHMM-UBM,
    title = {{Gait template protection using HMM-UBM}},
    year = {2018},
    journal = {2018 International Conference of the Biometrics Special Interest Group, BIOSIG 2018},
    author = {Van Hamme, Tim and R{\'{u}}a, Enrique Argones and Preuveneers, Davy and Joosen, Wouter},
    isbn = {9783885796763},
    doi = {10.23919/BIOSIG.2018.8553315},
    keywords = {Gait authentication, HMM-UBM, protected templates}
}

@inproceedings{Geiger2013Gait-basedFeatures,
    title = {{Gait-based person identification by spectral, cepstral and energy-related audio features}},
    year = {2013},
    booktitle = {ICASSP, IEEE International Conference on Acoustics, Speech and Signal Processing - Proceedings},
    author = {Geiger, Jurgen T. and Hofmann, Martin and Schuller, Bjorn and Rigoll, Gerhard},
    month = {10},
    pages = {458--462},
    isbn = {9781479903566},
    doi = {10.1109/ICASSP.2013.6637689},
    issn = {15206149},
    keywords = {Acoustic gait-based person identification, feature selection, gait recognition}
}

@article{Nanni2017HandcraftedClassification,
    title = {{Handcrafted vs. non-handcrafted features for computer vision classification}},
    year = {2017},
    journal = {Pattern Recognition},
    author = {Nanni, Loris and Ghidoni, Stefano and Brahnam, Sheryl},
    pages = {158--172},
    volume = {71},
    publisher = {Elsevier Ltd},
    doi = {10.1016/j.patcog.2017.05.025},
    issn = {00313203},
    keywords = {Deep learning, Ensemble of descriptors, Non-handcrafted features, Texture classification, Texture descriptors, Transfer learning}
}

@article{Murakita2004HumanMethod,
    title = {{Human tracking using floor sensors based on the markov chain monte carlo method}},
    year = {2004},
    journal = {Proceedings - International Conference on Pattern Recognition},
    author = {Murakita, Takuya and Ikeda, Tetsushi and Ishiguro, Hiroshi},
    pages = {917--920},
    volume = {4},
    publisher = {IEEE},
    isbn = {0769521282},
    doi = {10.1109/ICPR.2004.1333922},
    issn = {10514651}
}

@inproceedings{Mantyjarvi2005IdentifyingAccelerometers,
    title = {{Identifying users of portable devices from gait pattern with accelerometers}},
    year = {2005},
    booktitle = {ICASSP, IEEE International Conference on Acoustics, Speech and Signal Processing - Proceedings},
    author = {M{\"{a}}ntyj{\"{a}}rvi, Jani and Lindholm, Mikko and Vildjiounaite, Elena and M{\"{a}}kel{\"{a}}, Satu Marja and Ailisto, Heikki},
    volume = {II},
    isbn = {0780388747},
    doi = {10.1109/ICASSP.2005.1415569},
    issn = {15206149}
}

@misc{IEEEPDF:,
    title = {{IEEE Xplore Full-Text PDF:}},
    url = {https://ieeexplore-ieee-org.proxy.hil.unb.ca/stamp/stamp.jsp?tp=&arnumber=8906653}
}

@article{AliIsmailAwad2016ImageDescriptors,
    title = {{Image Feature Detectors and Descriptors}},
    year = {2016},
    journal = {Studies in Computational Intelligence},
    author = {{Ali Ismail Awad} and {Mahmoud Hassaballah}},
    volume = {630},
    doi = {10.1007/978-3-319-28854-3}
}

@article{Zitova2003ImageSurvey,
    title = {{Image registration methods: A survey}},
    year = {2003},
    journal = {Image and Vision Computing},
    author = {Zitov{\'{a}}, Barbara and Flusser, Jan},
    number = {11},
    month = {10},
    pages = {977--1000},
    volume = {21},
    publisher = {Elsevier Ltd},
    doi = {10.1016/S0262-8856(03)00137-9},
    issn = {02628856},
    keywords = {Feature detection, Feature matching, Image registration, Mapping function, Resampling}
}

@article{Krizhevsky2017ImageNetNetworks,
    title = {{ImageNet classification with deep convolutional neural networks}},
    year = {2017},
    journal = {Communications of the ACM},
    author = {Krizhevsky, Alex and Sutskever, Ilya and Hinton, Geoffrey E.},
    number = {6},
    month = {6},
    pages = {84--90},
    volume = {60},
    publisher = {Association for Computing Machinery},
    doi = {10.1145/3065386},
    issn = {15577317}
}

@inproceedings{Szegedy2017Inception-v4Learning,
    title = {{Inception-v4, inception-ResNet and the impact of residual connections on learning}},
    year = {2017},
    booktitle = {31st AAAI Conference on Artificial Intelligence, AAAI 2017},
    author = {Szegedy, Christian and Ioffe, Sergey and Vanhoucke, Vincent and Alemi, Alexander A.},
    month = {2},
    pages = {4278--4284},
    publisher = {AAAI press},
    url = {https://arxiv.org/abs/1602.07261v2},
    arxivId = {1602.07261}
}

@article{IsmailFawaz2020InceptionTime:Classification,
    title = {{InceptionTime: Finding AlexNet for time series classification}},
    year = {2020},
    journal = {Data Mining and Knowledge Discovery},
    author = {Ismail Fawaz, Hassan and Lucas, Benjamin and Forestier, Germain and Pelletier, Charlotte and Schmidt, Daniel F. and Weber, Jonathan and Webb, Geoffrey I. and Idoumghar, Lhassane and Muller, Pierre Alain and Petitjean, FranÃ§ois},
    number = {6},
    month = {11},
    pages = {1936--1962},
    volume = {34},
    publisher = {Springer},
    url = {https://link.springer.com/article/10.1007/s10618-020-00710-y},
    doi = {10.1007/s10618-020-00710-y},
    issn = {1573756X},
    arxivId = {1909.04939},
    keywords = {Deep learning, Inception, Scalable model, Time series classification}
}

@article{Cantoral-Ceballos2015IntelligentEnvironments,
    title = {{Intelligent Carpet System, Based on Photonic Guided-Path Tomography, for Gait and Balance Monitoring in Home Environments}},
    year = {2015},
    journal = {IEEE SENSORS JOURNAL},
    author = {Cantoral-Ceballos, Jose A and Nurgiyatna, Nurgiyatna and Wright, Paul and Vaughan, John and Brown-Wilson, Christine and Scully, Patricia J and Ozanyan, Krikor B and Cantoral-Ceballos, J A and Nurgiyatna, N and Wright, P and Ozanyan, K B and Vaughan, J and Scully, P J},
    number = {1},
    pages = {279},
    volume = {15},
    url = {http://ieeexplore.ieee.org.},
    doi = {10.1109/JSEN.2014.2341455}
}

@book{Raidi2005LecturePreface,
    title = {{Lecture Notes in Computer Science: Preface}},
    year = {2005},
    booktitle = {Lecture Notes in Computer Science},
    author = {Raidi, GÃ¼nther R. and Gottlieb, Jens},
    volume = {3448},
    isbn = {9783540745488},
    issn = {03029743}
}

@article{Oliveira2014MedicalReview,
    title = {{Medical image registration: a review}},
    year = {2014},
    journal = {Computer Methods in Biomechanics and Biomedical Engineering},
    author = {Oliveira, Francisco P.M. and Tavares, JoÃ£o Manuel R.S.},
    number = {2},
    month = {1},
    pages = {73--93},
    volume = {17},
    publisher = {Taylor {\&} Francis},
    url = {http://www.tandfonline.com/doi/abs/10.1080/10255842.2012.670855},
    doi = {10.1080/10255842.2012.670855},
    issn = {1025-5842},
    keywords = {computational methods, geometrical transformations, image alignment, matching, warping, image analysis, optimisation, similarity measures}
}

@article{Howard2017MobileNets:Applications,
    title = {{MobileNets: Efficient Convolutional Neural Networks for Mobile Vision Applications}},
    year = {2017},
    journal = {arXiv},
    author = {Howard, Andrew G. and Zhu, Menglong and Chen, Bo and Kalenichenko, Dmitry and Wang, Weijun and Weyand, Tobias and Andreetto, Marco and Adam, Hartwig},
    month = {4},
    publisher = {arXiv},
    url = {http://arxiv.org/abs/1704.04861},
    arxivId = {1704.04861}
}

@inproceedings{Lowe1999ObjectFeatures,
    title = {{Object recognition from local scale-invariant features}},
    year = {1999},
    booktitle = {Proceedings of the IEEE International Conference on Computer Vision},
    author = {Lowe, David G.},
    pages = {1150--1157},
    volume = {2},
    publisher = {IEEE},
    doi = {10.1109/iccv.1999.790410}
}

@inproceedings{Rublee2011ORB:SURF,
    title = {{ORB: An efficient alternative to SIFT or SURF}},
    year = {2011},
    booktitle = {Proceedings of the IEEE International Conference on Computer Vision},
    author = {Rublee, Ethan and Rabaud, Vincent and Konolige, Kurt and Bradski, Gary},
    pages = {2564--2571},
    isbn = {9781457711015},
    doi = {10.1109/ICCV.2011.6126544}
}

@inproceedings{Gao2006PersonFootstep,
    title = {{Person recognition by measuring the ground reaction force due to a footstep}},
    year = {2006},
    author = {Gao, Y. and Brennan, M.J. and Mace, B.R. and Muggleton, J.M.},
    month = {1}
}

@article{Jung2004PersonTrajectory,
    title = {{Person recognition method using sequential walking footprints via overlapped foot shape and center-of-pressure trajectory}},
    year = {2004},
    journal = {IEICE Transactions on Fundamentals of Electronics, Communications and Computer Sciences},
    author = {Jung, Jin Woo and Bien, Zeungnam and Sato, Tomomasa},
    number = {6},
    pages = {1393--1400},
    volume = {E87-A},
    issn = {09168508},
    keywords = {Biometrics, Footprint, Hidden Markov model, Levenberg-Marquart learning method, Person recognition, Pressure sensor}
}

@article{Bianchi2018ReservoirSeries,
    title = {{Reservoir computing approaches for representation and classification of multivariate time series}},
    year = {2018},
    journal = {arXiv},
    author = {Bianchi, Filippo Maria and Scardapane, Simone and L{\o}kse, Sigurd and Jenssen, Robert},
    pages = {1--11},
    doi = {10.1109/tnnls.2020.3001377},
    issn = {23318422},
    arxivId = {1803.07870},
    keywords = {Model space, Recurrent neural networks, Reservoir computing, Time series classification}
}

@techreport{Szegedy2016RethinkingVision,
    title = {{Rethinking the Inception Architecture for Computer Vision}},
    year = {2016},
    author = {Szegedy, Christian and Vanhoucke, Vincent and Ioffe, Sergey and Shlens, Jon},
    pages = {2818--2826}
}

@article{SainteFareGarnot2019SatelliteSelf-attention,
    title = {{Satellite image time series classification with pixel-set encoders and temporal self-attention}},
    year = {2019},
    journal = {arXiv},
    author = {Sainte Fare Garnot, V. and Landrieu, L. and Giordano, S. and Chehata, N.},
    pages = {1--10},
    issn = {23318422}
}

@misc{Scholar,
    title = {{scholar}}
}

@misc{SKazemii/EE6563,
    title = {{SKazemii/EE6563}},
    url = {https://github.com/SKazemii/EE6563}
}

@misc{SKazemii/footprints-recognition-master,
    title = {{SKazemii/footprints-recognition-master}},
    url = {https://github.com/SKazemii/footprints-recognition-master}
}

@misc{SKazemii/ImageRegistration,
    title = {{SKazemii/ImageRegistration}},
    url = {https://github.com/SKazemii/ImageRegistration}
}

@article{Bay2008Speeded-UpSURF,
    title = {{Speeded-Up Robust Features (SURF)}},
    year = {2008},
    journal = {Computer Vision and Image Understanding},
    author = {Bay, Herbert and Ess, Andreas and Tuytelaars, Tinne and Van Gool, Luc},
    number = {3},
    month = {6},
    pages = {346--359},
    volume = {110},
    publisher = {Academic Press},
    doi = {10.1016/j.cviu.2007.09.014},
    issn = {10773142},
    keywords = {Camera calibration, Feature description, Interest points, Local features, Object recognition}
}

@misc{StationarityStatsmodels,
    title = {{Stationarity and detrending (ADF/KPSS) â statsmodels}},
    url = {https://www.statsmodels.org/dev/examples/notebooks/generated/stationarity_detrending_adf_kpss.html}
}

@article{Moustakidis2008SubjectSignals,
    title = {{Subject recognition based on ground reaction force measurements of gait signals}},
    year = {2008},
    journal = {IEEE Transactions on Systems, Man, and Cybernetics, Part B: Cybernetics},
    author = {Moustakidis, Serafeim P. and Theocharis, John B. and Giakas, Giannis},
    number = {6},
    pages = {1476--1485},
    volume = {38},
    doi = {10.1109/TSMCB.2008.927722},
    issn = {10834419},
    pmid = {19022720},
    keywords = {Feature selection, Ground reaction forces (GRFs) of gait, Human gait analysis, Kernel-based support vector machine (SVM) classifi, Subject recognition, Wavelet packet (WP) decomposition}
}

@article{Pelletier2019TemporalSeries,
    title = {{Temporal convolutional neural network for the classification of satellite image time series}},
    year = {2019},
    journal = {Remote Sensing},
    author = {Pelletier, Charlotte and Webb, Geoffrey I. and Petitjean, FranÃ§ois},
    number = {5},
    pages = {1--25},
    volume = {11},
    doi = {10.3390/rs11050523},
    issn = {20724292},
    keywords = {Classification, Land cover mapping, Remote sensing, Satellite images, Temporal Convolutional Neural Network (TempCNN), Time series}
}

@article{Costilla-Reyes2016TemporalSystem,
    title = {{Temporal Pattern Recognition in Gait Activities Recorded with a Footprint Imaging Sensor System}},
    year = {2016},
    journal = {IEEE Sensors Journal},
    author = {Costilla-Reyes, Omar and Scully, Patricia and Ozanyan, Krikor B.},
    number = {24},
    pages = {8815--8822},
    volume = {16},
    publisher = {IEEE},
    doi = {10.1109/JSEN.2016.2583260},
    issn = {1530437X},
    keywords = {Floor sensor, gait analysis, machine learning, pattern recognition, sensor fusion}
}

@article{Addlesee1997TheFloor,
    title = {{The ORL active floor}},
    year = {1997},
    journal = {IEEE Personal Communications},
    author = {Addlesee, Michael D. and Jones, Alan and Livesey, Finnbar and Samaria, Ferdinando},
    number = {5},
    month = {10},
    pages = {35--41},
    volume = {4},
    doi = {10.1109/98.626980},
    issn = {10709916}
}

@techreport{Orr2000TheTracking,
    title = {{The Smart Floor: A Mechanism for Natural User Identification and Tracking}},
    year = {2000},
    booktitle = {CHI},
    author = {Orr, Robert J and Abowd, Gregory D},
    keywords = {Interaction technology, biometrics, novel input, ubiquitous computing, user identification}
}

@techreport{WangTimeBaseline,
    title = {{Time Series Classification from Scratch with Deep Neural Networks: A Strong Baseline}},
    author = {Wang, Zhiguang and Yan, Weizhong and Oates, Tim},
    url = {https://github.com/cauchyturing/},
    isbn = {1611.06455v4},
    arxivId = {1611.06455v4}
}

@techreport{WenTimeSurvey,
    title = {{Time Series Data Augmentation for Deep Learning: A Survey}},
    author = {Wen, Qingsong and Sun, Liang and Song, Xiaomin and Gao, Jingkun and Wang, Xue and Xu, Huan},
    arxivId = {2002.12478v1}
}

@article{Moldovan2019TimePrediction,
    title = {{Time series features extraction versus LSTM for manufacturing processes performance prediction}},
    year = {2019},
    journal = {2019 10th International Conference on Speech Technology and Human-Computer Dialogue, SpeD 2019},
    author = {Moldovan, Dorin and Anghel, Ionut and Cioara, Tudor and Salomie, Ioan},
    publisher = {IEEE},
    isbn = {9781728109848},
    doi = {10.1109/SPED.2019.8906653},
    keywords = {Deep Learning, Features Extraction, Machine Learning, Manufacturing Processes, Time Series}
}

@techreport{LimTimeSurvey,
    title = {{Time Series Forecasting With Deep Learning: A Survey}},
    author = {Lim, Bryan and Zohren, Stefan},
    arxivId = {2004.13408v2},
    keywords = {Subject Areas: Deep learning, counterfactual prediction, hybrid models, interpretability, time series forecasting, time series modelling Keywords: Deep neural networks, uncertainty estimation}
}

@techreport{LimTimeSurveyb,
    title = {{Time Series Forecasting With Deep Learning: A Survey}},
    author = {Lim, Bryan and Zohren, Stefan},
    arxivId = {2004.13408v2},
    keywords = {Subject Areas: Deep learning, counterfactual prediction, hybrid models, interpretability, time series forecasting, time series modelling Keywords: Deep neural networks, uncertainty estimation}
}

@article{Esling2012Time-seriesMining,
    title = {{Time-series data mining}},
    year = {2012},
    journal = {ACM Computing Surveys},
    author = {Esling, Philippe and Agon, Carlos},
    number = {1},
    volume = {45},
    doi = {10.1145/2379776.2379788},
    issn = {03600300}
}

@article{Barandas2020TSFEL:Library,
    title = {{TSFEL: Time Series Feature Extraction Library}},
    year = {2020},
    journal = {SoftwareX},
    author = {Barandas, MarÃ­lia and Folgado, Duarte and Fernandes, LetÃ­cia and Santos, Sara and Abreu, Mariana and Bota, PatrÃ­cia and Liu, Hui and Schultz, Tanja and Gamboa, Hugo},
    month = {1},
    pages = {100456},
    volume = {11},
    publisher = {Elsevier B.V.},
    doi = {10.1016/j.softx.2020.100456},
    issn = {23527110},
    keywords = {Feature extraction, Machine learning, Python, Time series}
}

@misc{UnderstandingScience,
    title = {{Understanding Boxplots. The image above is a boxplot. A boxplot{\ldots} | by Michael Galarnyk | Towards Data Science}},
    url = {https://towardsdatascience.com/understanding-boxplots-5e2df7bcbd51}
}

@article{Uom-gait-datasetUoM-Gait-69Database,
    title = {{UoM-Gait-69 spatio temporal gait database}},
    author = {Uom-gait-dataset, The},
    pages = {2--3},
    volume = {1386}
}

@inproceedings{Simonyan2015VeryRecognition,
    title = {{Very deep convolutional networks for large-scale image recognition}},
    year = {2015},
    booktitle = {3rd International Conference on Learning Representations, ICLR 2015 - Conference Track Proceedings},
    author = {Simonyan, Karen and Zisserman, Andrew},
    month = {9},
    publisher = {International Conference on Learning Representations, ICLR},
    url = {http://www.robots.ox.ac.uk/},
    arxivId = {1409.1556},
    keywords = {()}
}

@techreport{Chollet2017Xception:Convolutions,
    title = {{Xception: Deep Learning with Depthwise Separable Convolutions}},
    year = {2017},
    author = {Chollet, FranÃ§ois},
    pages = {1251--1258}
}